@incollection{SPBPRUS,
  title={Specification-based program repair using SAT},
  author={Gopinath, Divya and Malik, Muhammad Zubair and Khurshid, Sarfraz},
  booktitle={Tools and Algorithms for the Construction and Analysis of Systems},
  pages={173--188},
  year={2011},
  publisher={Springer}
}

@book{APD,
  title={Algorithmic program debugging},
  author={Shapiro, Ehud Y},
  year={1983},
  publisher={MIT press}
}

@inproceedings{LCoPF,
  title={Locating causes of program failures},
  author={Cleve, Holger and Zeller, Andreas},
  booktitle={Proceedings of the 27th international conference on Software engineering},
  pages={342--351},
  year={2005},
  organization={ACM}
}

@article{SCaMC,
  title={Software complexity and maintenance costs},
  author={Banker, Rajiv D and Datar, Srikant M and Kemerer, Chris F and Zweig, Dani},
  journal={Communications of the ACM},
  volume={36},
  number={11},
  pages={81--94},
  year={1993},
  publisher={ACM}
}

@book{FOLaATP,
  title={First-order logic and automated theorem proving},
  author={Fitting, Melvin},
  year={2012},
  publisher={Springer Science \& Business Media}
}

@article{CMfFSLCP,
  title={Cost models for future software life cycle processes: COCOMO 2.0},
  author={Boehm, Barry and Clark, Bradford and Horowitz, Ellis and Westland, Chris and Madachy, Ray and Selby, Richard},
  journal={Annals of software engineering},
  volume={1},
  number={1},
  pages={57--94},
  year={1995},
  publisher={Springer}
}

@book{MLS:STEPaBP,
  title={Modernizing legacy systems: software technologies, engineering processes, and business practices},
  author={Seacord, Robert C and Plakosh, Daniel and Lewis, Grace A},
  year={2003},
  publisher={Addison-Wesley Professional}
}

@book{AiSE,
  title={Advances in software engineering},
  author={B{\"o}rger, Egon and Cisternino, Antonio},
  year={2008},
  publisher={Springer}
}

@inproceedings{SFTiaCA:TaRM,
  title={Software fault tolerance in a clustered architecture: Techniques and reliability modeling},
  author={Lyu, Michael R and Mendiratta, Veena B},
  booktitle={Aerospace Conference, 1999. Proceedings. 1999 IEEE},
  volume={5},
  pages={141--150},
  year={1999},
  organization={IEEE}
}

@inproceedings{OtAoFSB,
  title={On the automation of fixing software bugs},
  author={Arcuri, Andrea},
  booktitle={Companion of the 30th international conference on Software engineering},
  pages={1003--1006},
  year={2008},
  organization={ACM}
}

@inproceedings{MBAfSHS,
  title={Model-based adaptation for self-healing systems},
  author={Garlan, David and Schmerl, Bradley},
  booktitle={Proceedings of the first workshop on Self-healing systems},
  pages={27--32},
  year={2002},
  organization={ACM}
}

@techreport{BP:aMaPfSA,
  title={Boolean programs: A model and process for software analysis},
  author={Ball, Thomas and Rajamani, Sriram K},
  year={2000},
  institution={Technical Report 2000-14, Microsoft Research}
}

@incollection{Bb:aSMCfBP,
  title={Bebop: A symbolic model checker for boolean programs},
  author={Ball, Thomas and Rajamani, Sriram K},
  booktitle={SPIN Model Checking and Software Verification},
  pages={113--130},
  year={2000},
  publisher={Springer}
}

@incollection{CFLaPDA,
  title={Context-free languages and pushdown automata},
  author={Autebert, Jean-Michel and Berstel, Jean and Boasson, Luc},
  booktitle={Handbook of formal languages},
  pages={111--174},
  year={1997},
  publisher={Springer}
}

@inproceedings{APAoCP,
  title={Automatic predicate abstraction of C programs},
  author={Ball, Thomas and Majumdar, Rupak and Millstein, Todd and Rajamani, Sriram K},
  booktitle={ACM SIGPLAN Notices},
  volume={36},
  number={5},
  pages={203--213},
  year={2001},
  organization={ACM}
}

@inproceedings{RoBPwaAtC,
  title={Repair of boolean programs with an application to C},
  author={Griesmayer, Andreas and Bloem, Roderick and Cook, Byron},
  booktitle={Computer Aided Verification},
  pages={358--371},
  year={2006},
  organization={Springer}
}

@inproceedings{PRaaG,
  title={Program repair as a game},
  author={Jobstmann, Barbara and Griesmayer, Andreas and Bloem, Roderick},
  booktitle={Computer Aided Verification},
  pages={226--238},
  year={2005},
  organization={Springer}
}

@inproceedings{IaEoDSCS,
  title={Inference and enforcement of data structure consistency specifications},
  author={Demsky, Brian and Ernst, Michael D and Guo, Philip J and McCamant, Stephen and Perkins, Jeff H and Rinard, Martin},
  booktitle={Proceedings of the 2006 international symposium on Software testing and analysis},
  pages={233--244},
  year={2006},
  organization={ACM}
}

@inproceedings{ANCEAtASBF,
  title={A novel co-evolutionary approach to automatic software bug fixing},
  author={Arcuri, Andrea and Yao, Xin},
  booktitle={Evolutionary Computation, 2008. CEC 2008.(IEEE World Congress on Computational Intelligence). IEEE Congress on},
  pages={162--168},
  year={2008},
  organization={IEEE}
}

@inproceedings{AGPAtASR,
  title={A genetic programming approach to automated software repair},
  author={Forrest, Stephanie and Nguyen, ThanhVu and Weimer, Westley and Le Goues, Claire},
  booktitle={Proceedings of the 11th Annual conference on Genetic and evolutionary computation},
  pages={947--954},
  year={2009},
  organization={ACM}
}

@inproceedings{AFPUGP,
  title={Automatically finding patches using genetic programming},
  author={Weimer, Westley and Nguyen, ThanhVu and Le Goues, Claire and Forrest, Stephanie},
  booktitle={Proceedings of the 31st International Conference on Software Engineering},
  pages={364--374},
  year={2009},
  organization={IEEE Computer Society}
}

@inproceedings{SLAM,
  title={The S LAM project: debugging system software via static analysis},
  author={Ball, Thomas and Rajamani, Sriram K},
  booktitle={ACM SIGPLAN Notices},
  volume={37},
  number={1},
  pages={1--3},
  year={2002},
  organization={ACM}
}

@incollection{SATABS,
  title={SATABS: SAT-based predicate abstraction for ANSI-C},
  author={Clarke, Edmund and Kroening, Daniel and Sharygina, Natasha and Yorav, Karen},
  booktitle={Tools and Algorithms for the Construction and Analysis of Systems},
  pages={570--574},
  year={2005},
  publisher={Springer}
}

@inproceedings{CCoCaVUPAaI,
  title={Checking consistency of C and Verilog using predicate abstraction and induction},
  author={Kroening, Daniel and Clarke, Edmund},
  booktitle={Proceedings of the 2004 IEEE/ACM International conference on Computer-aided design},
  pages={66--72},
  year={2004},
  organization={IEEE Computer Society}
}

@inproceedings{CoASGwPVS,
  title={Construction of abstract state graphs with PVS},
  author={Graf, Susanne and Sa{\"\i}di, Hassen},
  booktitle={Computer aided verification},
  pages={72--83},
  year={1997},
  organization={Springer}
}

@inproceedings{GFSAoRSUDP,
  title={Generating finite-state abstractions of reactive systems using decision procedures},
  author={Col{\'o}n, Michael A and Uribe, Tom{\'a}s E},
  booktitle={Computer Aided Verification},
  pages={293--304},
  year={1998},
  organization={Springer}
}

@article{MCaA,
  title={Model checking and abstraction},
  author={Clarke, Edmund M and Grumberg, Orna and Long, David E},
  journal={ACM transactions on Programming Languages and Systems (TOPLAS)},
  volume={16},
  number={5},
  pages={1512--1542},
  year={1994},
  publisher={ACM}
}

@article{SMT,
  title={Satisfiability Modulo Theories.},
  author={Barrett, Clark W and Sebastiani, Roberto and Seshia, Sanjit A and Tinelli, Cesare},
  journal={Handbook of satisfiability},
  volume={185},
  pages={825--885},
  year={2009}
}

@inproceedings{BSAT:SMT,
  title={Beyond boolean sat: Satisfiability modulo theories},
  author={Cimatti, Alessandro},
  booktitle={Discrete Event Systems, 2008. WODES 2008. 9th International Workshop on},
  pages={68--73},
  year={2008},
  organization={IEEE}
}

@inproceedings{ToSMT,
  title={A tutorial on satisfiability modulo theories},
  author={de Moura, Leonardo and Dutertre, Bruno and Shankar, Natarajan},
  booktitle={Computer Aided Verification},
  pages={20--36},
  year={2007},
  organization={Springer}
}

@inproceedings{FtOVOfBDD,
  title={Finding the optimal variable ordering for binary decision diagrams},
  author={Friedman, Steven J and Supowit, Kenneth J},
  booktitle={Proceedings of the 24th ACM/IEEE Design Automation Conference},
  pages={348--356},
  year={1987},
  organization={ACM}
}

@phdthesis{TfEFVUBDD,
  title={Techniques for efficient formal verification using binary decision diagrams},
  author={Hu, Alan John},
  year={1995},
  school={stanford university}
}

@article{BDD,
  title={Binary decision diagrams},
  author={Akers, Sheldon B},
  journal={Computers, IEEE Transactions on},
  volume={100},
  number={6},
  pages={509--516},
  year={1978},
  publisher={IEEE}
}

@inproceedings{EotEoDaCBTAC,
  title={Experiments of the effectiveness of dataflow-and controlflow-based test adequacy criteria},
  author={Hutchins, Monica and Foster, Herb and Goradia, Tarak and Ostrand, Thomas},
  booktitle={Proceedings of the 16th international conference on Software engineering},
  pages={191--200},
  year={1994},
  organization={IEEE Computer Society Press}
}

@article{ESoaRTST,
  title={Empirical studies of a safe regression test selection technique},
  author={Rothermel, Gregg and Harrold, Mary Jean},
  journal={Software Engineering, IEEE Transactions on},
  volume={24},
  number={6},
  pages={401--419},
  year={1998},
  publisher={IEEE}
}

@article{TCAS,
  title={TCAS- A system for preventing midair collisions},
  author={Harman, WHo},
  journal={The Lincoln Laboratory Journal},
  volume={2},
  number={3},
  pages={437--457},
  year={1989},
  publisher={Citeseer}
}
